@ONLINE{MockitoDownload,
	author = 	"",
	title = 	"Mockito - simple and better mocking",
	year = 		"",
	url =		"http://code.google.com/p/mockito//"
}

@ONLINE{MIBDownload,
	author = 	"",
	title = 	"Free JUNIPER-NSM-TRAPS MIB Download - Search, Download, and Upload MIBs",
	year = 		"",
	url =		"http://www.oidview.com/mibs/2636/JUNIPER-NSM-TRAPS.html"
}

@ONLINE{MIBBrowser,
	author = 	"iDeskCentric Inc.",
	title = 	"MIB Browser",
	year = 		"2014",
	url =		"http://ireasoning.com/mibbrowser.shtml"
}

@ONLINE{SNMP4JDoc,
	author = 	"SNMP4J.org",
	title = 	"Smnp",
	year = 		"2014",
	url =		"http://www.snmp4j.org/doc/org/snmp4j/Snmp.html"
}
